@book{TVS_ANNUAL_REPORT,
author = {Directors, TVSM},
title = {TVS Motor AR 23-24},
year = {2023-24}
}



@online{tvs_international,
	author = {TVSM},
	title = {TVS Motors International  Business},
	date = {16/10/24},
	url = {https://www.tvsmotor.com/international-business},
	language = {en-IN},
	organization = {TVS Motors},
}

@report{hero_sreport,
	author = {Hero Moto Corp},
	title = {Hero Moto Corp Sustainability Report},
	type = {Annual Report},
	institution = {Hero Moto Corp},
	date = {2023-24},
}


@report{hero-rep,
	author = {Hero Moto Corp},
	title = {Business Responsibility & Sustainability Report},
	type = {Annual Report},
	institution = {Hero Moto Corp},
	date = {2023-24},
}
